<record><leader>00000cas a2200000 a 4500</leader><controlfield tag="001">26457524</controlfield><controlfield tag="007">co ugu||||||||</controlfield><controlfield tag="008">920820c19uu9999ctuuu n q     0   a0eng  </controlfield><datafield ind1=" " ind2=" " tag="010"><subfield code="a">   92644664 </subfield></datafield><datafield ind1=" " ind2=" " tag="040"><subfield code="a">DLC</subfield><subfield code="b">eng</subfield><subfield code="c">DLC</subfield><subfield code="d">OCL</subfield><subfield code="d">OCLCQ</subfield><subfield code="d">OCLCO</subfield><subfield code="d">OCLCQ</subfield></datafield><datafield ind1="1" ind2=" " tag="022"><subfield code="a">1064-8348</subfield><subfield code="l">1064-8348</subfield><subfield code="2">1</subfield></datafield><datafield ind1=" " ind2=" " tag="037"><subfield code="b">NewsBank, Inc., 58 Pine St., New Canaan, CT 06840-5426</subfield></datafield><datafield ind1=" " ind2=" " tag="042"><subfield code="a">pcc</subfield><subfield code="a">nsdp</subfield></datafield><datafield ind1="0" ind2="0" tag="050"><subfield code="a">AN</subfield></datafield><datafield ind1=" " ind2="0" tag="222"><subfield code="a">NewsBank CD news presents the Sun</subfield></datafield><datafield ind1="0" ind2="0" tag="245"><subfield code="a">NewsBank CD news presents the Sun</subfield><subfield code="h">[electronic resource].</subfield></datafield><datafield ind1="1" ind2="3" tag="246"><subfield code="a">Sun</subfield></datafield><datafield ind1="1" ind2="3" tag="246"><subfield code="a">Evening sun</subfield></datafield><datafield ind1="1" ind2="3" tag="246"><subfield code="a">Sunday sun</subfield></datafield><datafield ind1="1" ind2="7" tag="246"><subfield code="a">Baltimore sun</subfield></datafield><datafield ind1=" " ind2=" " tag="260"><subfield code="a">New Canaan, CT :</subfield><subfield code="b">NewsBank</subfield></datafield><datafield ind1=" " ind2=" " tag="300"><subfield code="a">CD-ROMs ;</subfield><subfield code="c">4 3/4 in.</subfield></datafield><datafield ind1="1" ind2=" " tag="490"><subfield code="a">CD news newspapers on CD ROM</subfield></datafield><datafield ind1=" " ind2=" " tag="538"><subfield code="a">System requirements: CompuAdd 212 computer; DOS; CD-ROM drive; Microsoft Extensions; monitor.</subfield></datafield><datafield ind1=" " ind2=" " tag="580"><subfield code="a">Contains full text of the Sun (Baltimore, Md. : 1837) and the Evening sun (Baltimore, Md.) with all articles fully indexed.</subfield></datafield><datafield ind1=" " ind2=" " tag="588"><subfield code="a">Description based on: Jan.-May 1992; title from title screen.</subfield></datafield><datafield ind1="2" ind2=" " tag="710"><subfield code="a">NewsBank, inc.</subfield></datafield><datafield ind1="1" ind2=" " tag="787"><subfield code="t">Sun (Baltimore, Md. : 1837)</subfield><subfield code="w">(DLC)sn 83045682</subfield><subfield code="w">(OCoLC)7909813</subfield></datafield><datafield ind1="1" ind2=" " tag="787"><subfield code="t">Evening sun (Baltimore, Md.)</subfield><subfield code="w">(DLC)sn 83016634</subfield><subfield code="w">(OCoLC)7909798</subfield></datafield><datafield ind1=" " ind2="0" tag="830"><subfield code="a">CD news newspapers on CD ROM.</subfield></datafield><datafield ind1=" " ind2=" " tag="850"><subfield code="a">DLC</subfield></datafield><datafield ind1="1" ind2=" " tag="029"><subfield code="a">AU@</subfield><subfield code="b">000023341573</subfield></datafield></record>